<record><leader>00000cas a22000008a 4500</leader><controlfield tag="001">69186213</controlfield><controlfield tag="008">060523c20079999riuwr n       0   a0eng c</controlfield><datafield ind1=" " ind2=" " tag="010"><subfield code="a">  2006213712</subfield></datafield><datafield ind1=" " ind2=" " tag="040"><subfield code="a">NSD</subfield><subfield code="b">eng</subfield><subfield code="c">NSD</subfield><subfield code="d">OCLCQ</subfield></datafield><datafield ind1=" " ind2=" " tag="012"><subfield code="l">1</subfield></datafield><datafield ind1="0" ind2=" " tag="022"><subfield code="a">1932-0094</subfield></datafield><datafield ind1=" " ind2=" " tag="037"><subfield code="b">Kingston Capital Unlimited, LLC, POB 1766, Kingston, RI 02881</subfield></datafield><datafield ind1=" " ind2=" " tag="042"><subfield code="a">msc</subfield></datafield><datafield ind1="1" ind2="0" tag="050"><subfield code="a">ISSN RECORD</subfield></datafield><datafield ind1="0" ind2="0" tag="245"><subfield code="a">Newspaper ad weekly.</subfield></datafield><datafield ind1=" " ind2=" " tag="260"><subfield code="a">Kingston, RI :</subfield><subfield code="b">Kingston Capital Unlimited</subfield></datafield><datafield ind1=" " ind2=" " tag="263"><subfield code="a">0701</subfield></datafield><datafield ind1=" " ind2=" " tag="300"><subfield code="a">volumes</subfield></datafield><datafield ind1=" " ind2=" " tag="310"><subfield code="a">Weekly</subfield></datafield><datafield ind1=" " ind2=" " tag="336"><subfield code="a">text</subfield><subfield code="b">txt</subfield><subfield code="2">rdacontent</subfield></datafield><datafield ind1=" " ind2=" " tag="337"><subfield code="a">unmediated</subfield><subfield code="b">n</subfield><subfield code="2">rdamedia</subfield></datafield><datafield ind1=" " ind2=" " tag="338"><subfield code="a">volume</subfield><subfield code="b">nc</subfield><subfield code="2">rdacarrier</subfield></datafield><datafield ind1=" " ind2=" " tag="936"><subfield code="a">PREPUB: publication expected: Jan. 2007</subfield></datafield><datafield ind1="1" ind2=" " tag="029"><subfield code="a">AU@</subfield><subfield code="b">000040326308</subfield></datafield></record>